

@article{mehedi2020three,
  title={Three degrees of freedom rotary double inverted pendulum stabilization by using robust generalized dynamic inversion control: Design and experiments},
  author={Mehedi, Ibrahim M and Ansari, Uzair and AL-Saggaf, Ubaid M},
  journal={Journal of Vibration and Control},
  volume={26},
  number={23-24},
  pages={2174--2184},
  year={2020},
  publisher={SAGE Publications Sage UK: London, England}
}

@misc{pymunk,
  author = {Victor Blomqvist},
  title = {Pymunk: A easy-to-use pythonic rigid body 2d physics library (version 6.2.1)},
  year = {2007},
  url = {https://www.pymunk.org},
}

@Misc{pygame,
  author = {Pete Shinners},
  title = {PyGame},
  howpublished = {\url{http://pygame.org/}},
  year = {2011}
}

@article{optimalLQR,
  title={Optimal control of a double inverted pendulum on a cart},
  author={Bogdanov, Alexander},
  journal={Oregon Health and Science University, Tech. Rep. CSE-04-006, OGI School of Science and Engineering, Beaverton, OR},
  year={2004}
}




@misc{dabretau2015control,
  title={Control of Double Inverted Pendulum First Approach},
  author={DABRETAU, Teerapong and DAREINI, Ali},
  year={2015}
}

@article{crowe2018control,
  title={Control Theory: The Double Pendulum Inverted on a Cart},
  author={Crowe-Wright, Ian JP},
  year={2018}
}
@article{ibanez2005lyapunov,
  title={Lyapunov-based controller for the inverted pendulum cart system},
  author={Ibanez, Carlos Aguilar and Frias, O Gutierrez and Castanon, M Suarez},
  journal={Nonlinear Dynamics},
  volume={40},
  number={4},
  pages={367--374},
  year={2005},
  publisher={Springer}
}
